@inproceedings{chen2015glimpse,
  title={Glimpse: Continuous, real-time object recognition on mobile devices},
  author={Chen, Tiffany Yu-Han and Ravindranath, Lenin and Deng, Shuo and Bahl, Paramvir and Balakrishnan, Hari},
  booktitle={Proceedings of the 13th ACM Conference on Embedded Networked Sensor Systems},
  pages={155--168},
  year={2015}
}
@inproceedings{li2020reducto,
  title={Reducto: On-Camera Filtering for Resource-Efficient Real-Time Video Analytics},
  author={Li, Yuanqi and Padmanabhan, Arthi and Zhao, Pengzhan and Wang, Yufei and Xu, Guoqing Harry and Netravali, Ravi},
  booktitle={Proceedings of the Annual conference of the ACM Special Interest Group on Data Communication on the applications, technologies, architectures, and protocols for computer communication},
  pages={359--376},
  year={2020}
}
@article{canel2019scaling,
  title={Scaling video analytics on constrained edge nodes},
  author={Canel, Christopher and Kim, Thomas and Zhou, Giulio and Li, Conglong and Lim, Hyeontaek and Andersen, David G and Kaminsky, Michael and Dulloor, Subramanya R},
  journal={arXiv preprint arXiv:1905.13536},
  year={2019}
}
@incollection{chen2017smart,
  title={Smart city surveillance in fog computing},
  author={Chen, Ning and Chen, Yu and Ye, Xinyue and Ling, Haibin and Song, Sejun and Huang, Chin-Tser},
  booktitle={Advances in Mobile Cloud Computing and Big Data in the 5G Era},
  pages={203--226},
  year={2017},
  publisher={Springer}
}

@article{thanh2019efficient,
  title={Efficient Transcoding and Encryption for Live 360 CCTV System},
  author={Thanh Le, Tuan and Jeong, JongBeom and Ryu, Eun-Seok},
  journal={Applied Sciences},
  volume={9},
  number={4},
  pages={760},
  year={2019},
  publisher={Multidisciplinary Digital Publishing Institute}
}

@article{sullivan2012overview,
  title={Overview of the high efficiency video coding (HEVC) standard},
  author={Sullivan, Gary J and Ohm, Jens-Rainer and Han, Woo-Jin and Wiegand, Thomas},
  journal={IEEE Transactions on circuits and systems for video technology},
  volume={22},
  number={12},
  pages={1649--1668},
  year={2012},
  publisher={IEEE}
}



@article{ohm2012comparison,
  title={Comparison of the coding efficiency of video coding standards—including high efficiency video coding (HEVC)},
  author={Ohm, Jens-Rainer and Sullivan, Gary J and Schwarz, Heiko and Tan, Thiow Keng and Wiegand, Thomas},
  journal={IEEE Transactions on circuits and systems for video technology},
  volume={22},
  number={12},
  pages={1669--1684},
  year={2012},
  publisher={IEEE}
}
@inproceedings{ananthanarayanan2019demo,
  title={Demo: Video Analytics-Killer App for Edge Computing},
  author={Ananthanarayanan, Ganesh and Bahl, Victor and Cox, Landon and Crown, Alex and Nogbahi, Shadi and Shu, Yuanchao},
  booktitle={ACM MobiSys},
  year={2019}
}
@manual{oliverreport,
  author = {Oliver Philippou},
  title = {Video Surveillance Installed Base Report – 2019},
  note   = "\url{https://technology.informa.com/607069/video-surveillance-installed-base-report-2019}",
  year   = "2020 (accessed September 3, 2020)"
}
@inproceedings{stone2019towards,
  title={Towards Scalable Video Analytics at the Edge},
  author={Stone, Theodore and Stone, Nathaniel and Jain, Puneet and Jiang, Yurong and Kim, Kyu-Han and Nelakuditi, Srihari},
  booktitle={2019 16th Annual IEEE International Conference on Sensing, Communication, and Networking (SECON)},
  pages={1--9},
  year={2019},
  organization={IEEE}
}
@inproceedings{lu2014moving,
  title={Moving vehicle detection based on fuzzy background subtraction},
  author={Lu, Xiaofeng and Izumi, Takashi and Takahashi, Tomoaki and Wang, Lei},
  booktitle={2014 IEEE International Conference on Fuzzy Systems (FUZZ-IEEE)},
  pages={529--532},
  year={2014},
  organization={IEEE}
}
@article{kumar2016segmentation,
  title={Segmentation of moving objects using background subtraction method in complex environments},
  author={Kumar, Satrughan and Yadav, J Sen},
  journal={Radioengineering},
  volume={25},
  number={2},
  pages={399--408},
  year={2016}
}
@inproceedings{gujrathi2014detecting,
  title={Detecting moving object using background subtraction algorithm in FPGA},
  author={Gujrathi, Poonam and Priya, R Arokia and Malathi, P},
  booktitle={2014 Fourth International Conference on Advances in Computing and Communications},
  pages={117--120},
  year={2014},
  organization={IEEE}
}
@article{wang2019ground,
  title={Ground moving target indication based on optical flow in single-channel SAR},
  author={Wang, Zhirui and Sun, Xian and Diao, Wenhui and Zhang, Yue and Yan, Menglong and Lan, Lan},
  journal={IEEE Geoscience and Remote Sensing Letters},
  volume={16},
  number={7},
  pages={1051--1055},
  year={2019},
  publisher={IEEE}
}


@article{favalli2000object,
  title={Object tracking for retrieval applications in MPEG-2},
  author={Favalli, Lorenzo and Mecocci, Alessandro and Moschetti, Fulvio},
  journal={IEEE Transactions on Circuits and Systems for Video Technology},
  volume={10},
  number={3},
  pages={427--432},
  year={2000},
  publisher={IEEE}
}
@inproceedings{yoneyama1999moving,
  title={Moving object detection and identification from MPEG coded data},
  author={Yoneyama, Akio and Nakajima, Yasuyuki and Yanagihara, Hiromasa and Sugano, Masaru},
  booktitle={Proceedings 1999 International Conference on Image Processing (Cat. 99CH36348)},
  volume={2},
  pages={934--938},
  year={1999},
  organization={IEEE}
}
@inproceedings{dong2006object,
  title={Object tracking in compressed video with confidence measures},
  author={Dong, Lan and Zoghlami, Imad and Schwartz, Stuart C},
  booktitle={2006 IEEE International Conference on Multimedia and Expo},
  pages={753--756},
  year={2006},
  organization={IEEE}
}
@inproceedings{achanta2002compressed,
  title={Compressed domain object tracking for automatic indexing of objects in MPEG home video},
  author={Achanta, Radhakrishna and Kankanhalli, Mohan and Mulhem, Philippe},
  booktitle={Proceedings. IEEE International Conference on Multimedia and Expo},
  volume={2},
  pages={61--64},
  year={2002},
  organization={IEEE}
}

@article{laroche2008rd,
  title={RD optimized coding for motion vector predictor selection},
  author={Laroche, Guillaume and Jung, Joel and Pesquet-Popescu, Beatrice},
  journal={IEEE Transactions on Circuits and Systems for Video Technology},
  volume={18},
  number={9},
  pages={1247--1257},
  year={2008},
  publisher={IEEE}
}
@article{jiang2019spatial,
  title={Spatial Correlation-Based Motion-Vector Prediction for Video-Coding Efficiency Improvement},
  author={Jiang, Xiantao and Song, Tian and Katayama, Takafumi and Leu, Jenq-Shiou},
  journal={Symmetry},
  volume={11},
  number={2},
  pages={129},
  year={2019},
  publisher={Multidisciplinary Digital Publishing Institute}
}
@incollection{bross2014inter,
  title={Inter-picture prediction in HEVC},
  author={Bross, Benjamin and Helle, Philipp and Lakshman, Haricharan and Ugur, Kemal},
  booktitle={High Efficiency Video Coding (HEVC)},
  pages={113--140},
  year={2014},
  publisher={Springer}
}
@inproceedings{bombardelli2018efficient,
  title={Efficient Object Tracking in Compressed Video Streams with Graph Cuts},
  author={Bombardelli, Fernando and G{\"u}l, Serhan and Becker, Daniel and Schmidt, Matthias and Hellge, Cornelius},
  booktitle={2018 IEEE 20th International Workshop on Multimedia Signal Processing (MMSP)},
  pages={1--6},
  year={2018},
  organization={IEEE}
}
@article{khatoonabadi2012video,
  title={Video object tracking in the compressed domain using spatio-temporal Markov random fields},
  author={Khatoonabadi, Sayed Hossein and Bajic, Ivan V},
  journal={IEEE transactions on image processing},
  volume={22},
  number={1},
  pages={300--313},
  year={2012},
  publisher={IEEE}
}

@article{boykov2001fast,
  title={Fast approximate energy minimization via graph cuts},
  author={Boykov, Yuri and Veksler, Olga and Zabih, Ramin},
  journal={IEEE Transactions on pattern analysis and machine intelligence},
  volume={23},
  number={11},
  pages={1222--1239},
  year={2001},
  publisher={IEEE}
}
@article{zeng2018background,
  title={Background subtraction using multiscale fully convolutional network},
  author={Zeng, Dongdong and Zhu, Ming},
  journal={IEEE Access},
  volume={6},
  pages={16010--16021},
  year={2018},
  publisher={IEEE}
}

@article{chen2017pixel,
  title={Pixel-wise deep sequence learning for moving object detection},
  author={Chen, Yingying and Wang, Jinqiao and Zhu, Bingke and Tang, Ming and Lu, Hanqing},
  journal={IEEE Transactions on Circuits and Systems for Video Technology},
  year={2017},
  publisher={IEEE}
}

@article{babaee2018deep,
  title={A deep convolutional neural network for video sequence background subtraction},
  author={Babaee, Mohammadreza and Dinh, Duc Tung and Rigoll, Gerhard},
  journal={Pattern Recognition},
  volume={76},
  pages={635--649},
  year={2018},
  publisher={Elsevier}
}

@article{wang2017interactive,
  title={Interactive deep learning method for segmenting moving objects},
  author={Wang, Yi and Luo, Zhiming and Jodoin, Pierre-Marc},
  journal={Pattern Recognition Letters},
  volume={96},
  pages={66--75},
  year={2017},
  publisher={Elsevier}
}

@article{patil2018msfgnet,
  title={Msfgnet: A novel compact end-to-end deep network for moving object detection},
  author={Patil, Prashant W and Murala, Subrahmanyam},
  journal={IEEE Transactions on Intelligent Transportation Systems},
  volume={20},
  number={11},
  pages={4066--4077},
  year={2018},
  publisher={IEEE}
}

@article{ou2019moving,
  title={Moving object detection method via ResNet-18 with encoder--decoder structure in complex scenes},
  author={Ou, Xianfeng and Yan, Pengcheng and Zhang, Yiming and Tu, Bing and Zhang, Guoyun and Wu, Jianhui and Li, Wujing},
  journal={IEEE Access},
  volume={7},
  pages={108152--108160},
  year={2019},
  publisher={IEEE}
}
@article{acevedo2016linked,
  title={A linked list-based algorithm for blob detection on embedded vision-based sensors},
  author={Acevedo-Avila, Ricardo and Gonzalez-Mendoza, Miguel and Garcia-Garcia, Andres},
  journal={Sensors},
  volume={16},
  number={6},
  pages={782},
  year={2016},
  publisher={Multidisciplinary Digital Publishing Institute}
}

@article{lee2012adaptive,
  title={An adaptive background subtraction method based on kernel density estimation},
  author={Lee, Jeisung and Park, Mignon},
  journal={Sensors},
  volume={12},
  number={9},
  pages={12279--12300},
  year={2012},
  publisher={Molecular Diversity Preservation International}
}
@inproceedings{stauffer1999adaptive,
  title={Adaptive background mixture models for real-time tracking},
  author={Stauffer, Chris and Grimson, W Eric L},
  booktitle={Proceedings. 1999 IEEE Computer Society Conference on Computer Vision and Pattern Recognition (Cat. No PR00149)},
  volume={2},
  pages={246--252},
  year={1999},
  organization={IEEE}
}
@article{lu2008improved,
  title={An Improved Motion Detection Method for Real-Time Surveillance.},
  author={Lu, Nan and Wang, Jihong and Wu, QH and Yang, Li},
  journal={IAENG International Journal of Computer Science},
  volume={35},
  number={1},
  year={2008},
  publisher={Citeseer}
}

@inproceedings{lecun2010convolutional,
  title={Convolutional networks and applications in vision},
  author={LeCun, Yann and Kavukcuoglu, Koray and Farabet, Cl{\'e}ment},
  booktitle={Proceedings of 2010 IEEE International Symposium on Circuits and Systems},
  pages={253--256},
  year={2010},
  organization={IEEE}
}

@inproceedings{jarrett2009best,
  title={What is the best multi-stage architecture for object recognition?},
  author={Jarrett, Kevin and Kavukcuoglu, Koray and LeCun, Yann and others},
  booktitle={2009 IEEE 12th International Conference on Computer Vision (ICCV)},
  pages={2146--2153},
  year={2009},
  organization={IEEE}
}

@inproceedings{lee2009convolutional,
  title={Convolutional deep belief networks for scalable unsupervised learning of hierarchical representations},
  author={Lee, Honglak and Grosse, Roger and Ranganath, Rajesh and Ng, Andrew Y},
  booktitle={Proceedings of the 26th annual international conference on machine learning},
  pages={609--616},
  year={2009},
  organization={ACM}
}

@inproceedings{hussain2018study,
  title={A Study on CNN Transfer Learning for Image Classification},
  author={Hussain, Mahbub and Bird, Jordan J and Faria, Diego R},
  booktitle={UK Workshop on Computational Intelligence},
  pages={191--202},
  year={2018},
  organization={Springer}
}

@techreport{krizhevsky2009learning,
  title={Learning multiple layers of features from tiny images},
  author={Krizhevsky, Alex and Hinton, Geoffrey},
  year={2009},
  institution={Citeseer}
}

@inproceedings{girshick2014rich,
  title={Rich feature hierarchies for accurate object detection and semantic segmentation},
  author={Girshick, Ross and Donahue, Jeff and Darrell, Trevor and Malik, Jitendra},
  booktitle={Proceedings of the IEEE conference on computer vision and pattern recognition},
  pages={580--587},
  year={2014}
}

@article{uijlings2013selective,
  title={Selective search for object recognition},
  author={Uijlings, Jasper RR and Van De Sande, Koen EA and Gevers, Theo and Smeulders, Arnold WM},
  journal={International journal of computer vision},
  volume={104},
  number={2},
  pages={154--171},
  year={2013},
  publisher={Springer}
}

@inproceedings{girshick2015fast,
  title={Fast r-cnn},
  author={Girshick, Ross},
  booktitle={Proceedings of the IEEE international conference on computer vision},
  pages={1440--1448},
  year={2015}
}

@inproceedings{ren2015faster,
  title={Faster r-cnn: Towards real-time object detection with region proposal networks},
  author={Ren, Shaoqing and He, Kaiming and Girshick, Ross and Sun, Jian},
  booktitle={Advances in neural information processing systems},
  pages={91--99},
  year={2015}
}

@inproceedings{redmon2016you,
  title={You only look once: Unified, real-time object detection},
  author={Redmon, Joseph and Divvala, Santosh and Girshick, Ross and Farhadi, Ali},
  booktitle={Proceedings of the IEEE conference on computer vision and pattern recognition},
  pages={779--788},
  year={2016}
}

@inproceedings{liu2016ssd,
  title={Ssd: Single shot multibox detector},
  author={Liu, Wei and Anguelov, Dragomir and Erhan, Dumitru and Szegedy, Christian and Reed, Scott and Fu, Cheng-Yang and Berg, Alexander C},
  booktitle={European conference on computer vision},
  pages={21--37},
  year={2016},
  organization={Springer}
}

@article{redmon2018yolov3,
  title={Yolov3: An incremental improvement},
  author={Redmon, Joseph and Farhadi, Ali},
  journal={arXiv preprint arXiv:1804.02767},
  year={2018}
}

@inproceedings{ester1996density,
  title={A density-based algorithm for discovering clusters in large spatial databases with noise.},
  author={Ester, Martin and Kriegel, Hans-Peter and Sander, J{\"o}rg and Xu, Xiaowei and others},
  booktitle={Kdd},
  volume={96},
  number={34},
  pages={226--231},
  year={1996}
}

@article{sheu2019stam,
  title={STAM-CCF: Suspicious Tracking Across Multiple Camera Based on Correlation Filters},
  author={Sheu, Ruey-Kai and Pardeshi, Mayuresh and Chen, Lun-Chi and Yuan, Shyan-Ming},
  journal={Sensors},
  volume={19},
  number={13},
  pages={3016},
  year={2019},
  publisher={Multidisciplinary Digital Publishing Institute}
}

@article{li2020hksiamfc,
  title={HKSiamFC: Visual-Tracking Framework Using Prior Information Provided by Staple and Kalman Filter},
  author={Li, Chenpu and Xing, Qianjian and Ma, Zhenguo},
  journal={Sensors},
  volume={20},
  number={7},
  pages={2137},
  year={2020},
  publisher={Multidisciplinary Digital Publishing Institute}
}


@manual{VIRAT,
  title = {Available Online},
  note   = "\url{https://viratdata.org}",
  year   = "2020 (accessed September 3, 2020)"
}
@manual{testvideo,
  title = {Available Online},
  note   = "\url{https://youtu.be/v24ldT1AGRw}", 
  year   = "2020 (accessed September 3, 2020)"
}

@manual{source,
  title = {Available Online},
  note   = "\url{https://github.com/diennv/MotionVectorAnalysis}",
  year   = "2020 (accessed September 3, 2020)"
}
@manual{convential,
  title = {Available Online},
  note   = "\url{https://www.youtube.com/watch?v=Cz_zxr_ElTU}",
  year   = "2020 (accessed September 3, 2020)"
}
@manual{proposed,
  title = {Available Online},
  note   = "\url{https://www.youtube.com/watch?v=-fRc36HAduI&feature=youtu.b}",
  year   = "2020 (accessed September 3, 2020)"
}







    